<record><leader>00000cas a22000007a 4500</leader><controlfield tag="001">13787251</controlfield><controlfield tag="008">860627c198u9999aluwr ne      0   a0eng d</controlfield><datafield ind1=" " ind2=" " tag="010"><subfield code="a">sn 86001923 </subfield></datafield><datafield ind1=" " ind2=" " tag="040"><subfield code="a">NSD</subfield><subfield code="b">eng</subfield><subfield code="c">NSD</subfield><subfield code="d">CPN</subfield><subfield code="d">OCLCQ</subfield></datafield><datafield ind1=" " ind2=" " tag="012"><subfield code="l">1</subfield></datafield><datafield ind1="1" ind2=" " tag="022"><subfield code="a">0889-0080</subfield><subfield code="l">0889-0080</subfield><subfield code="2">1</subfield></datafield><datafield ind1=" " ind2=" " tag="037"><subfield code="b">The Westerner Star, P.O. Box 2060, Bessemer, AL 35021</subfield></datafield><datafield ind1=" " ind2=" " tag="042"><subfield code="a">nsdp</subfield></datafield><datafield ind1="0" ind2=" " tag="130"><subfield code="a">Western star (Bessemer, Ala.)</subfield></datafield><datafield ind1=" " ind2="4" tag="222"><subfield code="a">The Western star</subfield><subfield code="b">(Bessemer, Ala.)</subfield></datafield><datafield ind1="1" ind2="4" tag="245"><subfield code="a">The western star.</subfield></datafield><datafield ind1=" " ind2=" " tag="260"><subfield code="a">Bessemer, Ala. :</subfield><subfield code="b">Hal Hodgens</subfield></datafield><datafield ind1=" " ind2=" " tag="310"><subfield code="a">Weekly</subfield></datafield><datafield ind1=" " ind2=" " tag="588"><subfield code="a">Description based on: Vol. 3, no. 15 (Wednesday, June 11, 1986).</subfield></datafield><datafield ind1=" " ind2=" " tag="752"><subfield code="a">United States</subfield><subfield code="b">Alabama</subfield><subfield code="c">Jefferson</subfield><subfield code="d">Bessemer.</subfield></datafield><datafield ind1="0" ind2="5" tag="780"><subfield code="t">Bessemer advertiser</subfield><subfield code="w">(DLC)sn 87050117</subfield></datafield><datafield ind1="1" ind2=" " tag="029"><subfield code="a">AU@</subfield><subfield code="b">000025805174</subfield></datafield></record>